@book{bordini2007programming,
  title={Programming multi-agent systems in AgentSpeak using Jason},
  author={Bordini, Rafael H. and H{\"u}bner, Jomi Fred and Wooldridge, Michael},
  year={2007},
  publisher={John Wiley \& Sons}
}

@inproceedings{bordini2005,
  author = {Bordini, Rafael H. and H\"{u}bner, Jomi F.},
  title = {{BDI} agent programming in {AgentSpeak} using {Jason}},
  year = {2005},
  isbn = {3540339965},
  publisher = {Springer-Verlag},
  address = {Berlin, Heidelberg},
  _url = {https://doi.org/10.1007/11750734\_9},
  doi = {10.1007/11750734\_9},
  booktitle = {Proceedings of the 6th International Conference on Computational Logic in Multi-Agent Systems},
  pages = {143â€“164},
  numpages = {22},
  location = {London, UK},
  series = {CLIMA'05}
}